<?xml version="1.0" encoding="UTF-8"?><collection xmlns="http://www.loc.gov/MARC21/slim"><record><leader>00546nam--2200181-i-4500</leader><controlfield tag="001">000011349</controlfield><controlfield tag="002">20161230</controlfield><controlfield tag="005">20161230201029</controlfield><controlfield tag="008">060222s1000------------r-----000-0-fre-d</controlfield><datafield ind1=" " ind2=" " tag="040"><subfield code="a">IFIN-HH</subfield></datafield><datafield ind1=" " ind2=" " tag="041"><subfield code="a">fre</subfield></datafield><datafield ind1=" " ind2=" " tag="080"><subfield code="a">539.2(043)</subfield></datafield><datafield ind1="1" ind2=" " tag="100"><subfield code="a">Barjhoux, Yves</subfield></datafield><datafield ind1="1" ind2="0" tag="245"><subfield code="a">Temperatures de spin sous polarisation dyna mique dans un systeme unidimensionnelle tanol</subfield><subfield code="b">These</subfield><subfield code="c">Yves barjhoux</subfield></datafield><datafield ind1=" " ind2=" " tag="260"><subfield code="a">Grenoble</subfield><subfield code="b">Universite Scientifique Et Medicale</subfield><subfield code="c">1974</subfield></datafield><datafield ind1=" " ind2=" " tag="300"><subfield code="a">114 P. + 15 FIG</subfield></datafield><datafield ind1=" " ind2=" " tag="852"><subfield code="a">42117</subfield><subfield code="c">539.2</subfield></datafield><datafield ind1=" " ind2=" " tag="CAT"><subfield code="a">Sys</subfield><subfield code="c">20121024</subfield><subfield code="h">121722</subfield></datafield></record></collection>